<record><leader>00000cas a22000007a 4500</leader><controlfield tag="001">11738362</controlfield><controlfield tag="008">850226d186819uupauwr ne      0    0eng d</controlfield><datafield ind1=" " ind2=" " tag="010"><subfield code="a">sn 85025420 </subfield></datafield><datafield ind1=" " ind2=" " tag="040"><subfield code="a">NPX</subfield><subfield code="b">eng</subfield><subfield code="c">NPX</subfield><subfield code="d">NPH</subfield><subfield code="d">OCLCQ</subfield></datafield><datafield ind1=" " ind2=" " tag="042"><subfield code="a">msc</subfield></datafield><datafield ind1="0" ind2="0" tag="245"><subfield code="a">People's advocate and press.</subfield></datafield><datafield ind1="1" ind2="3" tag="246"><subfield code="a">Advocate and press</subfield></datafield><datafield ind1=" " ind2=" " tag="260"><subfield code="a">New Bloomfield, Pa. :</subfield><subfield code="b">John H. Sheibley</subfield></datafield><datafield ind1=" " ind2=" " tag="300"><subfield code="a">v. :</subfield><subfield code="b">ill. (chiefly advertisements)</subfield></datafield><datafield ind1=" " ind2=" " tag="310"><subfield code="a">Weekly</subfield></datafield><datafield ind1="1" ind2=" " tag="362"><subfield code="a">Began in June 1868.</subfield><subfield code="z">Cf. Salisbury, R. Pa. newspapers.</subfield></datafield><datafield ind1=" " ind2=" " tag="580"><subfield code="a">Absorbed: Perry County freeman, 1905?</subfield></datafield><datafield ind1=" " ind2=" " tag="588"><subfield code="a">Description based on: Vol. 18, no. 1 (June 8, 1870).</subfield></datafield><datafield ind1=" " ind2=" " tag="752"><subfield code="a">United States</subfield><subfield code="b">Pennsylvania</subfield><subfield code="c">Perry</subfield><subfield code="d">New Bloomfield.</subfield></datafield><datafield ind1="0" ind2="0" tag="780"><subfield code="t">People's advocate, and Perry County Democratic press</subfield><subfield code="w">(DLC)sn 85025419</subfield></datafield><datafield ind1="0" ind2="5" tag="780"><subfield code="t">Perry County freeman</subfield><subfield code="w">(DLC)sn 84026102</subfield></datafield><datafield ind1="0" ind2="0" tag="785"><subfield code="t">People's advocate (New Bloomfield, Pa.)</subfield><subfield code="w">(DLC)sn 90069133</subfield></datafield></record>